@article{Dugas2001a,
  title={Incorporating second-order functional knowledge for better option pricing},
  author={Dugas, Charles and Bengio, Yoshua and B{\'e}lisle, Fran{\c{c}}ois and Nadeau, Claude and Garcia, Ren{\'e}},
  journal={Advances in Neural Information Processing Systems},
  pages={472--478},
  year={2001},
  publisher={MIT; 1998}
}
@MISC{Glorot2010a,
        author = {Glorot, Xavier and Bordes, Antoine and Bengio, Yoshua},
         title = {Deep Sparse Rectifier Networks},
          year = {2010},
  howpublished = {NIPS*2010 Workshop on Deep Learning and Unsupervised Feature Learning (poster)},
      abstract = {Xavier Glorot, Antoine Bordes and Yoshua Bengio}
}

@inproceedings{Jarrett2009a,
  title={What is the best multi-stage architecture for object recognition?},
  author={Jarrett, Kevin and Kavukcuoglu, Koray and Ranzato, Marcâ€™Aurelio and LeCun, Yann},
  booktitle={Computer Vision, 2009 IEEE 12th International Conference on},
  pages={2146--2153},
  year={2009},
  organization={IEEE}
}

@article{Krizhevsky2009a,
  title={Learning multiple layers of features from tiny images},
  author={Krizhevsky, Alex and Hinton, Geoffrey},
  journal={Master's thesis, Department of Computer Science, University of Toronto},
  year={2009},
  publisher={Citeseer}
}

@inproceedings{Krizhevsky2012a,
  title={Imagenet classification with deep convolutional neural networks},
  author={Krizhevsky, Alex and Sutskever, Ilya and Hinton, Geoff},
  booktitle={Advances in Neural Information Processing Systems 25},
  pages={1106--1114},
  year={2012}
}

@article{LeCun1998a,
  title={Gradient-based learning applied to document recognition},
  author={LeCun, Yann and Bottou, L{\'e}on and Bengio, Yoshua and Haffner, Patrick},
  journal={Proceedings of the IEEE},
  volume={86},
  number={11},
  pages={2278--2324},
  year={1998},
  publisher={IEEE}
}


@Proceedings{Montavon2012a,
  title = 	 {Neural networks -- tricks of the trade},
  year = 	 {2012},
  editor = 	 {Gr\'egoire Montavon and Genevi\`eve B. Orr and Klaus-Robert M\"uller},
  volume = 	 {1524},
  series = 	 {Springer Lecture Notes in Computer Science},
  publisher = {Springer},
  address = {Berlin}
}

@inproceedings{Nair2010a,
  title={Rectified linear units improve restricted boltzmann machines},
  author={Nair, Vinod and Hinton, Geoffrey E},
  booktitle={Proceedings of the 27th International Conference on Machine Learning (ICML-10)},
  pages={807--814},
  year={2010}
}

@inproceedings{Simard2003a,
  title={Best Practices for Convolutional Neural Networks Applied to Visual Document Analysis.},
  author={Simard, Patrice and Steinkraus, David and Platt, John C},
  booktitle={ICDAR},
  volume={3},
  pages={958--962},
  year={2003}
}